<record><leader>00000cas a2200000 a 4500</leader><controlfield tag="001">12487523</controlfield><controlfield tag="008">850904c19049999ksuwr ne      0    0eng d</controlfield><datafield ind1=" " ind2=" " tag="010"><subfield code="a">sn 85029614 </subfield></datafield><datafield ind1=" " ind2=" " tag="040"><subfield code="a">KSH</subfield><subfield code="b">eng</subfield><subfield code="c">KSH</subfield><subfield code="d">NPT</subfield><subfield code="d">OCL</subfield><subfield code="d">OCLCQ</subfield></datafield><datafield ind1=" " ind2=" " tag="042"><subfield code="a">msc</subfield></datafield><datafield ind1="0" ind2=" " tag="130"><subfield code="a">Plainville times (Plainville, Kan. : 1904)</subfield></datafield><datafield ind1="1" ind2="0" tag="245"><subfield code="a">Plainville times.</subfield></datafield><datafield ind1=" " ind2=" " tag="260"><subfield code="a">Plainville, Kan. :</subfield><subfield code="b">Fisk &amp; Merrill,</subfield><subfield code="c">1904-</subfield></datafield><datafield ind1=" " ind2=" " tag="300"><subfield code="a">v. :</subfield><subfield code="b">ill. ;</subfield><subfield code="c">49 cm.</subfield></datafield><datafield ind1=" " ind2=" " tag="310"><subfield code="a">Weekly</subfield></datafield><datafield ind1="0" ind2=" " tag="362"><subfield code="a">Vol. 1, no. 1 (Dec. 1, 1904)-</subfield></datafield><datafield ind1=" " ind2=" " tag="500"><subfield code="a">Publisher varies.</subfield></datafield><datafield ind1=" " ind2=" " tag="752"><subfield code="a">United States</subfield><subfield code="b">Kansas</subfield><subfield code="c">Rooks</subfield><subfield code="d">Plainville.</subfield></datafield><datafield ind1="0" ind2="5" tag="780"><subfield code="t">Plainville gazette</subfield><subfield code="g">June 26, 1913</subfield><subfield code="w">(DLC)sn 85029575</subfield></datafield><datafield ind1="0" ind2="5" tag="780"><subfield code="t">Palco news</subfield><subfield code="g">Jan. 6, 1938</subfield><subfield code="w">(DLC)sn 85029574</subfield></datafield><datafield ind1="1" ind2=" " tag="029"><subfield code="a">AU@</subfield><subfield code="b">000022171966</subfield></datafield></record>